<?xml version="1.0" encoding="UTF-8"?><collection xmlns="http://www.loc.gov/MARC21/slim"><record><leader>00458nam--2200157-i-4500</leader><controlfield tag="001">000017942</controlfield><controlfield tag="002">20161230</controlfield><controlfield tag="005">20170128145428</controlfield><controlfield tag="008">060222s1000------------r-----000-0-eng-d</controlfield><datafield ind1=" " ind2=" " tag="100"><subfield code="a">Einstein, Albert</subfield></datafield><datafield ind1=" " ind2=" " tag="245"><subfield code="a">L electrodynamyque des corps en mouvement. Trad.par solovine</subfield></datafield><datafield ind1=" " ind2=" " tag="260"><subfield code="a">Paris</subfield><subfield code="b">Gauthier-Villars</subfield><subfield code="c">1955</subfield></datafield><datafield ind1=" " ind2=" " tag="300"><subfield code="a">58 p.Cu Fig. + 1 Portr</subfield></datafield><datafield ind1=" " ind2=" " tag="490"><subfield code="a">Les Maitres De Pa Pensee Scientifique</subfield></datafield><datafield ind1=" " ind2=" " tag="852"><subfield code="a">11869</subfield></datafield><datafield ind1=" " ind2=" " tag="CAT"><subfield code="a">SYS</subfield><subfield code="c">20170128</subfield><subfield code="h">145428</subfield></datafield></record></collection>